@Book{Fred_algonum,
  author = 	 {Frederico Ferreira Campos Filho},
  title = 	 {Algoritmos Numéricos},
  publisher = 	 {LTC Editora},
  year = 	 {2007},
  edition = 	 {2th}
}

@Book{Pamplona_calnum,
  author =   {Paulo Xavier Pamplona},
  title =    {Apostila de Cálculo Numérico},
  publisher =    {},
  year =   {2012},
  edition =    {1th}
}

@Misc{introMatlab,
  author =   {Reginaldo J. Santos},
  title =    {Introdução ao MATLAB},
  howpublished = {Disponível em
                  \url{http://www.mat.ufmg.br/~regi/topicos/intmatl.pdf}},
  month =    {Agosto},
  year =   {2005},
  note =   {Acessado em 17 de novembro de 2015},
  annote =   {}
}

@Misc{polunico,
  author =   {Carlos J. S. Alves},
  title =    {Interpolação Polinomial},
  howpublished = {Disponível em
                  \url{http://www.math.tecnico.ulisboa.pt/~calves/cursos/interp/capiii11.html}},
  month =    {},
  year =   {},
  note =   {Acessado em 17 de novembro de 2015},
  annote =   {}
}

@Misc{fac,
  author =   {MathWorks},
  title =    {Factorial},
  howpublished = {Disponível em
                  \url{http://www.mathworks.com/help/matlab/ref/factorial.html}},
  month =    {},
  year =   {},
  note =   {Acessado em 26 de novembro de 2015},
  annote =   {}
}


